<record><leader>00000cas a22000007a 4500</leader><controlfield tag="001">24433564</controlfield><controlfield tag="008">910923d18601860ncucr ne      0    0eng d</controlfield><datafield ind1=" " ind2=" " tag="010"><subfield code="a">sn 91068147 </subfield></datafield><datafield ind1=" " ind2=" " tag="040"><subfield code="a">NVJ</subfield><subfield code="b">eng</subfield><subfield code="c">NVJ</subfield><subfield code="d">OCLCQ</subfield></datafield><datafield ind1=" " ind2=" " tag="042"><subfield code="a">msc</subfield></datafield><datafield ind1="0" ind2=" " tag="130"><subfield code="a">Semi-weekly news (Harrington, N.C.)</subfield></datafield><datafield ind1="1" ind2="4" tag="245"><subfield code="a">The semi-weekly news.</subfield></datafield><datafield ind1=" " ind2=" " tag="260"><subfield code="a">Harrington, N.C. :</subfield><subfield code="b">J ML Harrington</subfield></datafield><datafield ind1=" " ind2=" " tag="300"><subfield code="a">v.</subfield></datafield><datafield ind1=" " ind2=" " tag="310"><subfield code="a">Semiweekly</subfield></datafield><datafield ind1="1" ind2=" " tag="362"><subfield code="a">Began in 1860.</subfield></datafield><datafield ind1="0" ind2=" " tag="362"><subfield code="a">-v. 1, no. 9 (Aug. 17th 1860).</subfield></datafield><datafield ind1=" " ind2=" " tag="500"><subfield code="a">"Will be published ... until after the Governor's election."</subfield></datafield><datafield ind1=" " ind2=" " tag="500"><subfield code="a">Paper is hand-written.</subfield></datafield><datafield ind1=" " ind2=" " tag="588"><subfield code="a">Description based on: Vol. 1, no. 2 (July 24, 1860).</subfield></datafield><datafield ind1=" " ind2=" " tag="752"><subfield code="a">United States</subfield><subfield code="b">North Carolina</subfield><subfield code="c">Harnett</subfield><subfield code="d">Harrington.</subfield></datafield><datafield ind1="0" ind2=" " tag="775"><subfield code="t">Weekly news (Harrington, N.C. : 1860)</subfield><subfield code="w">(DLC)sn 92074113</subfield></datafield></record>